%% This BibTeX bibliography file was created using BibDesk.
%% http://bibdesk.sourceforge.net/


%% Created for Marco Aiello at 2013-11-13 14:04:32 +0100 


%% Saved with string encoding Unicode (UTF-8) 



@article{gan:mob11,
	Author = {Ganti, R.K. and Fan Ye and Hui Lei},
	Date-Modified = {2013-11-13 13:01:38 +0000},
	Journal = {Communications Magazine, IEEE},
	Number = {11},
	Pages = {32-39},
	Title = {Mobile crowdsensing: current state and future challenges},
	Volume = {49},
	Year = {2011},
	Bdsk-Url-1 = {http://dx.doi.org/10.1109/MCOM.2011.6069707}}

@inproceedings{eis:bik07,
	Author = {Eisenman, S. B. and Miluzzo, E. and Lane, N. D. and Peterson, R. A. and Ahn, G-S. and Campbell, A. T.},
	Booktitle = {Proceedings of the 5th International Conference on Embedded Networked Sensor Systems},
	Date-Modified = {2013-11-13 13:04:32 +0000},
	Numpages = {15},
	Pages = {87--101},
	Publisher = {ACM},
	Series = {SenSys '07},
	Title = {The {BikeNet} Mobile Sensing System for Cyclist Experience Mapping},
	Year = {2007}}

@inproceedings{fuj:iph10,
 author = {Fujiki, Yuichi},
 title = {iPhone As a Physical Activity Measurement Platform},
 booktitle = {CHI '10 Extended Abstracts on Human Factors in Computing Systems},
 series = {CHI EA '10},
 year = {2010},
 isbn = {978-1-60558-930-5},
 location = {Atlanta, Georgia, USA},
 pages = {4315--4320},
 numpages = {6}} 

@inproceedings{red:bik10,
 author = {Reddy, Sasank and Shilton, Katie and Denisov, Gleb and Cenizal, Christian and Estrin, Deborah and Srivastava, Mani},
 title = {{Biketastic}: Sensing and Mapping for Better Biking},
 booktitle = {Proceedings of the SIGCHI Conference on Human Factors in Computing Systems},
 series = {CHI '10},
 year = {2010},
 isbn = {978-1-60558-929-9},
 location = {Atlanta, Georgia, USA},
 pages = {1817--1820},
 numpages = {4},
} 

@inproceedings{eri:pot08,
 author = {Eriksson, Jakob and Girod, Lewis and Hull, Bret and Newton, Ryan and Madden, Samuel and Balakrishnan, Hari},
 title = {The {Pothole Patrol:} Using a Mobile Sensor Network for Road Surface Monitoring},
 booktitle = {Proceedings of the 6th International Conference on Mobile Systems, Applications, and Services},
 series = {MobiSys '08},
 year = {2008},
 isbn = {978-1-60558-139-2},
 location = {Breckenridge, CO, USA},
 pages = {29--39},
 numpages = {11}
}
